<?xml version="1.0" encoding="UTF-8"?><record xmlns="http://www.loc.gov/MARC21/slim" xmlns:cinclude="http://apache.org/cocoon/include/1.0" xmlns:zs="http://www.loc.gov/zing/srw/">
  <leader>00339nz  a2200121n  4500</leader>
  <controlfield tag="001">n  85293891 </controlfield>
  <controlfield tag="003">DLC</controlfield>
  <controlfield tag="005">19870113113739.0</controlfield>
  <controlfield tag="008">861105n| acannaab|          |n aaa |||  </controlfield>
  <datafield tag="010" ind1=" " ind2=" ">
    <subfield code="a">n  85293891 </subfield>
  </datafield>
  <datafield tag="040" ind1=" " ind2=" ">
    <subfield code="a">DLC</subfield>
    <subfield code="c">DLC</subfield>
    <subfield code="d">DLC</subfield>
  </datafield>
  <datafield tag="100" ind1="1" ind2="0">
    <subfield code="a">Jensen, Kerrin,</subfield>
    <subfield code="d">1959-</subfield>
  </datafield>
  <datafield tag="670" ind1=" " ind2=" ">
    <subfield code="a">His Moral und Politik, c1986:</subfield>
    <subfield code="b">t.p. (Kerrin Jensen) p. 4 of cover (b. 1959)</subfield>
  </datafield>
</record>